% =========================================================
% 1) Fundamentos de Engenharia de Software, UML e Padrões
% =========================================================

@book{yourdon1979structured,
  title={Structured design: fundamentals of a discipline of computer program and systems design},
  author={Yourdon, Edward and Constantine, Larry L},
  year={1979},
  publisher={Prentice-Hall, Inc.}
}

@book{booch1999unified,
  title={The Unified Modeling Language User Guide},
  author={Booch, G. and Rumbaugh, J. and Jacobson, I.},
  isbn={9780201571684},
  lccn={98030436},
  series={Addison-Wesley object technology series},
  url={https://books.google.com.br/books?id=caVQAAAAMAAJ},
  year={1999},
  publisher={Addison-Wesley}
}

@book{larman2002applying,
  title={Applying UML and Patterns: An Introduction to Object-oriented Analysis and Design and the Unified Process},
  author={Larman, C.},
  isbn={9780130925695},
  lccn={97033977},
  series={Safari electronic books},
  url={https://books.google.com.br/books?id=r8i-4En_aa4C},
  year={2002},
  publisher={Prentice Hall PTR}
}

@book{fowler2018refactoring,
  title={Refactoring: Improving the Design of Existing Code},
  author={Fowler, M.},
  isbn={9780134757704},
  series={Addison-Wesley Signature Series (Fowler)},
  url={https://books.google.com.br/books?id=2H1_DwAAQBAJ},
  year={2018},
  publisher={Pearson Education}
}

@book{sommerville2016software,
  title={Software Engineering},
  author={Sommerville, I.},
  isbn={9780133943030},
  lccn={2015458056},
  series={Always learning},
  url={https://books.google.com.br/books?id=tW4VngEACAAJ},
  year={2016},
  publisher={Pearson}
}

@book{wiegers2013software,
  title={Software Requirements},
  author={Wiegers, K. and Beatty, J.},
  isbn={9780735679627},
  lccn={2013942928},
  series={Developer Best Practices},
  url={https://books.google.com.br/books?id=nbpCAwAAQBAJ},
  year={2013},
  publisher={Pearson Education}
}

@book{sommerville1997requirements,
  title={Requirements Engineering: A Good Practice Guide},
  author={Sommerville, I. and Sawyer, P.},
  isbn={9780471974444},
  lccn={97011246},
  url={https://books.google.com.br/books?id=Ag7qotD-sukC},
  year={1997},
  publisher={Wiley}
}

% =========================================================
% 2) Engenharia Reversa, Redocumentação e AST
% =========================================================

@article{chikofsky1990reverse,
  title={Reverse engineering and design recovery: A taxonomy},
  author={Chikofsky, Elliot J and Cross, James H},
  journal={IEEE Software},
  volume={7},
  number={1},
  pages={13--17},
  year={1990},
  publisher={IEEE}
}

@book{tonella2007reverse,
  title={Reverse Engineering of Object Oriented Code},
  author={Tonella, P. and Potrich, A.},
  isbn={9780387238036},
  lccn={2005295465},
  series={Monographs in Computer Science},
  url={https://books.google.com.br/books?id=EUZ-_poEq_gC},
  year={2007},
  publisher={Springer New York}
}

@inproceedings{Bruneliere2010MoDisco,
  author    = {Hugo Bruneliere and Jordi Cabot and Fr{\'e}d{\'e}ric Jouault and Fr{\'e}d{\'e}ric Madiot},
  title     = {MoDisco: A Generic and Extensible Framework for Model Driven Reverse Engineering},
  booktitle = {Proceedings of the IEEE International Conference on Software Maintenance (ICSM)},
  year      = {2010},
  pages     = {173--182},
  publisher = {IEEE},
  address   = {Nantes, France},
  organization = {AtlanMod, INRIA RBA Center \& EMN; Mia-Software}
}

@article{pereira2011recovering,
  author    = {Claudia Pereira and Liliana Mart{\'i}nez and Liliana Favre},
  title     = {Recovering Use Case Diagrams from Object Oriented Code: An {MDA}-based Approach},
  year      = {2011},
  month     = apr,
  address   = {Las Vegas, NV, USA},
  publisher = {IEEE},
  doi       = {10.1109/ITNG.2011.130}
}

@inproceedings{Wang2006AST,
  author    = {Xin Wang and Xiaojie Yuan},
  title     = {Towards an {AST}-Based Approach to Reverse Engineering},
  booktitle = {2006 Canadian Conference on Electrical and Computer Engineering (CCECE)},
  year      = {2006},
  pages     = {},
  doi       = {10.1109/CCECE.2006.277552},
  publisher = {IEEE},
  address   = {Ottawa, ON, Canada},
  isbn      = {1-4244-0038-4}
}

@inproceedings{Fauzi2016AST,
  author    = {Esa Fauzi and Bayu Hendradjaya and Wikan Danar Sunindyo},
  title     = {Reverse Engineering of Source Code to Sequence Diagram Using Abstract Syntax Tree},
  booktitle = {2016 International Conference on Data and Software Engineering (ICoDSE)},
  year      = {2016},
  pages     = {},
  doi       = {10.1109/ICoDSE.2016.7936137},
  publisher = {IEEE},
  address   = {Denpasar, Indonesia},
  abstract  = {This research focuses on reverse engineering of source code to sequence diagrams using abstract syntax trees (AST). The approach is implemented in an application called REVUML, which helps in visualizing the flow of software code and supporting developers in understanding software behavior during maintenance.},
  month     = {October},
  isbn      = {}
}

@article{Sabir2019MDRE,
  author       = {Umair Sabir and Farooque Azam and Sami Ul Haq and Muhammad Waseem Anwar and Wasi Haider Butt and Anam Amjad},
  title        = {A Model Driven Reverse Engineering Framework for Generating High Level UML Models from Java Source Code},
  journal      = {IEEE Access},
  year         = {2019},
  volume       = {7},
  pages        = {158931--158950},
  doi          = {10.1109/ACCESS.2019.2950884},
  url          = {https://doi.org/10.1109/ACCESS.2019.2950884},
  abstract     = {Proposes the Src2MoF framework for generating UML structural and behavioral diagrams from Java source code through Model Driven Reverse Engineering.}
}

% =========================================================
% 3) Representação de Código, LLMs e Sumariação
% =========================================================

@inproceedings{feng2020codebert,
  author    = {Zhangyin Feng and Daya Guo and Duyu Tang and Nan Duan and Xiaocheng Feng and
               Ming Gong and Linjun Shou and Bing Qin and Ting Liu and Daxin Jiang and Ming Zhou},
  title     = {CodeBERT: A Pre-Trained Model for Programming and Natural Languages},
  booktitle = {Findings of the Association for Computational Linguistics: EMNLP 2020},
  year      = {2020},
  month     = nov,
  pages     = {1536--1547},
  address   = {Online},
  publisher = {Association for Computational Linguistics},
  doi       = {10.18653/v1/2020.findings-emnlp.139},
  url       = {https://aclanthology.org/2020.findings-emnlp.139}
}

@inproceedings{ngo2023exploring,
  author    = {Long H. Ngo and Veeraraghavan Sekar and Etienne Leclercq and Jonathan Rivalan},
  title     = {Exploring code2vec and {AST}miner for Python Code Embeddings},
  booktitle = {2023 IEEE 3rd International Conference on Software Engineering and Artificial Intelligence (SEAI)},
  year      = {2023},
  month     = jun,
  pages     = {53--57},
  address   = {Xiamen, China},
  publisher = {IEEE},
  doi       = {10.1109/SEAI59139.2023.10217505}
}

@article{song2024symer,
  author    = {Jie Song and Zexin Zhang and Zirui Tang and Shi Feng and Yu Gu},
  title     = {Improving Code Summarization With Tree Transformer Enhanced by Position-Related Syntax Complement},
  journal   = {IEEE Transactions on Artificial Intelligence},
  year      = {2024},
  volume    = {5},
  number    = {9},
  pages     = {4776--4786},
  month     = sep,
  publisher = {IEEE},
  doi       = {10.1109/TAI.2024.3395231}
}

% =========================================================
% 4) Estudos de caso, história do Adventure e cultura digital
% =========================================================

@software{rhodes_adventure_py,
  author    = {Brandon Rhodes},
  title     = {Adventure (Python 3 port) — a faithful port of Crowther and Woods’s 1977 FORTRAN Adventure},
  year      = {2010},
  date      = {2010-2015},
  version   = {1.6},
  license   = {Apache-2.0}
}

@misc{adventure_original_sources,
  author       = {Crowther, Will and Woods, Don},
  title        = {Original Adventure sources (FORTRAN) and data},
  year         = {1977},
  howpublished = {Archive of original sources},
  url          = {http://www.ifarchive.org/if-archive/games/source/advent-original.tar.gz},
  note         = {Linked from the historical page curated by Rick Adams.}
}

@article{jerz2007colossal,
  author       = {Jerz, Dennis G.},
  title        = {Somewhere Nearby is Colossal Cave},
  subtitle     = {Examining Will Crowther's Original “Adventure” in Code and in Kentucky},
  journaltitle = {Digital Humanities Quarterly},
  shortjournal = {DHQ},
  year         = {2007},
  url          = {https://www.digitalhumanities.org/dhq/vol/1/2/000009/000009.html},
  language     = {english}
}

@book{peterson1983genesis,
  title={Genesis II, Creation and recreation with computers},
  author={Peterson, Dale},
  year={1983},
  publisher={Reston Publishing Company}
}

@book{levy2010hackers,
  title={Hackers: Heroes of the Computer Revolution - 25th Anniversary Edition},
  author={Levy, S.},
  isbn={9781449393748},
  url={https://books.google.com.br/books?id=mShXzzKtpmEC},
  year={2010},
  publisher={O'Reilly Media}
}

@book{dibbell1998mytinylife,
  author    = {Dibbell, Julian},
  title     = {My Tiny Life},
  subtitle  = {Crime and Passion in a Virtual World},
  year      = {1998},
  publisher = {Holt},
  location  = {New York},
  language  = {english}
}

@book{lowood2024debugging,
  title={Debugging Game History: A Critical Lexicon},
  author={Lowood, H. and Guins, R.},
  isbn={9780262551106},
  series={Game Histories},
  url={https://books.google.com.br/books?id=RWbqEAAAQBAJ},
  year={2024},
  publisher={MIT Press}
}

@book{evans2018broadband,
  author    = {Evans, Claire L.},
  title     = {Broad Band},
  subtitle  = {The Untold Story of the Women Who Made the Internet},
  year      = {2018},
  publisher = {Portfolio},
  location  = {New York},
  isbn      = {9780735211759},
  language  = {english}
}
